<record xmlns='http://www.loc.gov/MARC21/slim'><leader>01739ckd a2200349 a 4500</leader><controlfield tag='001'>554064</controlfield><controlfield tag='005'>20191203160524.0</controlfield><controlfield tag='008'>021004s1978    xx nnn            ineng d</controlfield><datafield ind1='1' ind2=' ' tag='019'><subfield code='a'>24131822</subfield></datafield><datafield ind1=' ' ind2=' ' tag='035'><subfield code='9'>(AuCNLDY)3316101</subfield></datafield><datafield ind1=' ' ind2=' ' tag='035'><subfield code='a'>554064</subfield></datafield><datafield ind1=' ' ind2=' ' tag='040'><subfield code='a'>ANL</subfield><subfield code='b'>eng</subfield><subfield code='d'>ANL</subfield></datafield><datafield ind1=' ' ind2=' ' tag='042'><subfield code='a'>anuc</subfield></datafield><datafield ind1=' ' ind2=' ' tag='043'><subfield code='a'>u-at-we</subfield></datafield><datafield ind1='1' ind2=' ' tag='100'><subfield code='a'>Smith, Stephen,</subfield><subfield code='d'>1954-</subfield></datafield><datafield ind1='1' ind2='0' tag='245'><subfield code='a'>Children and a baby under the Aboriginal tent, Heirisson Island, Western Australia, 1978</subfield><subfield code='h'>[picture] /</subfield><subfield code='c'>Stephen Smith.</subfield></datafield><datafield ind1=' ' ind2=' ' tag='260'><subfield code='c'>2002.</subfield></datafield><datafield ind1=' ' ind2=' ' tag='300'><subfield code='a'>1 photograph :</subfield><subfield code='b'>gelatin silver ;</subfield><subfield code='c'>image 18.3 x 27.1 cm., sheet 30.3 x 40.3 cm.</subfield></datafield><datafield ind1=' ' ind2=' ' tag='500'><subfield code='a'>Condition: Good.</subfield></datafield><datafield ind1=' ' ind2=' ' tag='500'><subfield code='a'>Title devised by cataloguer based on information from acquisition file number 240/20/00074.</subfield></datafield><datafield ind1=' ' ind2=' ' tag='500'><subfield code='a'>Part of the collection of photographs of the Aboriginal tent occupation of Heirisson Island, Western Australia in 1978. Photographs taken by Stephen Smith.</subfield></datafield><datafield ind1=' ' ind2=' ' tag='500'><subfield code='a'>Photograph signed by artist in pencil on verso.</subfield></datafield><datafield ind1=' ' ind2=' ' tag='530'><subfield code='a'>Also available online</subfield><subfield code='u'>http://nla.gov.au/nla.obj-146963634</subfield></datafield><datafield ind1=' ' ind2=' ' tag='540'><subfield code='a'>Copyright restrictions apply.</subfield></datafield><datafield ind1=' ' ind2='0' tag='650'><subfield code='a'>Children, Aboriginal Australian</subfield><subfield code='z'>Western Australia</subfield><subfield code='z'>Heirisson Island</subfield><subfield code='v'>Portraits.</subfield></datafield><datafield ind1=' ' ind2='0' tag='650'><subfield code='a'>Aboriginal Australians</subfield><subfield code='x'>Land tenure</subfield><subfield code='z'>Western Australia</subfield><subfield code='v'>Photographs.</subfield></datafield><datafield ind1=' ' ind2='0' tag='650'><subfield code='a'>Aboriginal Australians</subfield><subfield code='x'>Politics and government</subfield><subfield code='v'>Photographs.</subfield></datafield><datafield ind1=' ' ind2='0' tag='650'><subfield code='a'>Protest movements</subfield><subfield code='z'>Australia</subfield><subfield code='v'>Photographs.</subfield></datafield><datafield ind1='0' ind2=' ' tag='773'><subfield code='i'>In collection:</subfield><subfield code='t'>Land Rights camp at Heirisson Island, Western Australia, 1978</subfield><subfield code='w'>(AKIN)23783872</subfield></datafield><datafield ind1=' ' ind2='0' tag='830'><subfield code='a'>Land Rights camp at Heirisson Island, Western Australia, 1978.</subfield></datafield><datafield ind1='4' ind2='1' tag='856'><subfield code='z'>National Library of Australia digitised item</subfield><subfield code='u'>http://nla.gov.au/nla.obj-146963634</subfield><subfield code='x'>fulltext</subfield></datafield><datafield ind1='f' ind2='f' tag='999'><subfield code='i'>5764858a-19a4-5e27-827d-06f061ddf789</subfield><subfield code='s'>b2bfaa57-55bb-5217-bf5d-b98b5cfb5c09</subfield></datafield><datafield ind1='f' ind2='f' tag='952'><subfield code='a'>National Library of Australia</subfield><subfield code='b'>Parkes</subfield><subfield code='c'>Parkes</subfield><subfield code='d'>Special Collections Reading Room (PIC [Pic MSS])</subfield><subfield code='e'>PIC/7601/2 LOC Drawer PIC/7601</subfield><subfield code='h'>Other scheme</subfield><subfield code='i'>Monograph</subfield><subfield code='m'>f73dc43f-ec8a-54d6-bbb1-ea40d1b861ac</subfield></datafield></record>